<?xml version="1.0" encoding="UTF-8"?><collection xmlns="http://www.loc.gov/MARC21/slim"><record><leader>00441nam--2200133-i-4500</leader><controlfield tag="001">000038653</controlfield><controlfield tag="002">20161230</controlfield><controlfield tag="005">20161230201041</controlfield><controlfield tag="008">060222s1000------------r-----000-0-eng-d</controlfield><datafield ind1=" " ind2=" " tag="080"><subfield code="a">621.396</subfield></datafield><datafield ind1=" " ind2=" " tag="245"><subfield code="a">Report of the radio research board with the report of the director of radio research for the year 1955</subfield></datafield><datafield ind1=" " ind2=" " tag="260"><subfield code="a">London, H.M.Stationery Office, 1956, Iv + 56p</subfield></datafield><datafield ind1=" " ind2=" " tag="490"><subfield code="a">Department Of Scientific And Industrial Research</subfield></datafield><datafield ind1=" " ind2=" " tag="852"><subfield code="a">12965</subfield></datafield></record></collection>